2678 4476
153 206 234 315 ³7⁶
371 188 1054 285 aura-aucarum.
1225 250 1228 257 .

159 366 332 459 Turbine
345 369 437 451 dum
452 370 607 475 proprio
626 383 834 473 torquetur,
861 376 1086 466 computat
1105 352 1202 443 bont

17 526 22 533 ·
74 510 85 527 ⁶
160 493 329 599 Juppiter
343 480 515 583 inferior,
541 482 605 563 sed
619 478 710 563 nulli
725 477 826 560 mole
841 476 1063 577 secunduS,
1250 514 1254 519 ·

161 608 265 691 Curn
278 603 386 683 sociis
400 624 539 695 annum
558 595 662 703 ligno
677 590 870 677 cuniiatur
887 598 931 675 in
947 618 1060 674 uno:

30 742 103 843 915
162 722 218 802 At
231 719 337 823 super
351 741 420 799 axe
432 735 556 796 tamen
571 714 674 795 denis
690 708 931 794 convolvitur
945 708 1082 791 horis.

162 840 264 917 Mars
279 829 391 939 paulo
404 852 498 913 terra
514 835 638 912 minor
651 828 715 928 est,
743 832 868 907 Venus
884 823 1036 930 inclyta
1057 802 1197 923 maida*

6 992 11 1001 ·
162 944 293 1047 Unam
306 946 437 1031 adimit
451 953 575 1027 Venus
588 975 611 1027 e
625 945 777 1046 nostris,
805 948 909 1023 Mars
935 942 1083 1043 adjicit.
1105 964 1208 1055 unam
1247 986 1251 993 -

162 1068 223 1147 De
238 1066 410 1164 Veneris,
436 1060 576 1163 fateor,
603 1057 771 1142 dubitant
788 1062 999 1165 vertigine,
1032 1078 1203 1153 verum.
1244 1122 1251 1173 ·.

139 1176 300 1263 'casini
315 1184 431 1287 magis
445 1178 579 1261 arridet
595 1179 778 1259 sententia.
834 1172 1011 1281 Quodsi
1054 1200 1058 1205 ·

36 1320 119 1409 920
166 1300 399 1385 Mercurium
415 1292 526 1375 rutilo
542 1294 738 1401 degentem
752 1296 790 1371 in
806 1289 951 1373 lumine
965 1287 1068 1393 solis

166 1412 256 1493 Visu
271 1408 397 1493 sellari
418 1408 573 1517 persape
590 1408 728 1519 diuque
743 1406 881 1509 liceret,

166 1528 279 1610 Haud
294 1525 406 1609 dubie
420 1525 536 1633 longo
550 1552 622 1633 pm
637 1520 781 1605 cundlis
805 1542 982 1629 tempore
1012 1541 1178 1607 motum
1258 1518 1263 1528 ’

142 1704 147 1709 -
165 1648 324 1729 Huncce
339 1642 523 1724 videretur
544 1638 719 1745 (fortasse
735 1636 920 1721 videbitur
937 1636 1075 1749 olim)

166 1762 367 1854 Perficete3
403 1780 587 1859 errantum
602 1754 1039 1867 fiquiderntennillitnus
1055 1754 1126 1841 ille
1140 1756 1199 1859 cll,

40 1900 114 1989 925
168 1880 217 1959 lit
230 1874 362 1958 {aciem
377 1901 529 1984 parvam
541 1870 746 1955 coelestibus
764 1869 893 1975 objicit
906 1870 1042 1954 undis.

226 2103 410 2187 Nollibus
423 2106 509 2187 inde
523 2105 601 2187 dies
615 2103 767 2213 planum
776 2106 839 2206 eu,
854 2070 1078 2216 nollesque
1095 2102 1222 2189 diebu

168 2223 314 2304 Ordine
333 2220 495 2303 substitui
511 2243 635 2324 certo,
663 2221 879 2332 alternisque
898 2226 1055 2303 reverti.

142 2440 148 2449 .
170 2342 268 2420 Nam
282 2333 393 2418 ficies
408 2364 574 2421 convexa
591 2337 693 2443 globi
708 2340 799 2419 dum
816 2341 992 2438 vertitur,
1021 2365 1175 2443 onmes

147 2452 151 2457 ’
171 2452 270 2535 Illius
286 2456 332 2535 ad
347 2453 461 2535 solem
480 2452 651 2569 distindlo
674 2474 843 2560 tempore
856 2472 977 2562 partes

40 2588 123 2673 ¹930
171 2570 256 2651 Poll
271 2569 355 2653 alias
372 2570 447 2651 aliae
462 2569 619 2653 obverst
636 2568 821 2674 fiuntur,
851 2576 951 2651 itura

168 2685 345 2768 Paulatim
359 2692 397 2767 in
415 2686 581 2801 tenebras
597 2721 610 2784 ς
646 2688 777 2799 &qua
788 2687 909 2770 modo
923 2680 1024 2766 tedia
1041 2684 1199 2794 latebat,

86 2903 89 2907 ‚
170 2806 217 2883 Se
232 2801 268 2883 se
282 2805 418 2881 iterum
435 2800 578 2911 liquido
596 2805 782 2885 radiorum
796 2801 934 2911 proluit
954 2828 1066 2884 auro.

170 2918 244 3000 vix
256 2913 385 2997 umbra
403 2919 599 3024 egreditur,
622 2946 708 3001 cum
720 2926 837 3023 prima
847 2912 1061 3024 crepuscula
1077 2919 1222 3024 senfin,

170 3036 218 3113 Et
232 3030 370 3115 coelum
384 3030 578 3135 albescens,
607 3035 645 3117 ds
661 3032 790 3140 pallida
805 3035 917 3118 fidem
933 3041 1066 3116 cernit.

41 3165 115 3248 935
170 3153 401 3232 Humentem
415 3177 584 3235 auroram
601 3152 772 3258 posthac,
798 3153 1000 3260 roseosque
1021 3148 1198 3258 colores,

169 3268 217 3345 Et
231 3265 405 3383 superum
418 3264 549 3348 Phoebi
564 3265 734 3371 limbum,
761 3296 874 3379 quem
890 3265 1008 3347 credit
1022 3271 1136 3371 oriri,

167 3382 217 3459 Et
229 3376 393 3462 frontem
402 3383 720 3488 rutilam,‚vultunr
729 3385 863 3465 dehinc
871 3383 1021 3488 adspicit
1030 3410 1222 3481 omnem

27 3572 30 3578 .
167 3492 312 3579 Clarius
324 3495 423 3578 unde
435 3498 558 3598 jubar,
586 3506 859 3611 matutinosque
874 3521 1022 3606 tepores

91 3612 101 3626 '
168 3604 305 3690 Ebibit.
332 3616 432 3692 Hinc
448 3618 559 3696 etiam
575 3638 685 3726 atque
692 3621 801 3697 etiam
812 3614 1032 3698 descendere
1040 3640 1222 3725 pergens,

37 3738 127 3829 940
170 3724 233 3807 Ad
248 3727 554 3830 perpendiculum
571 3736 686 3836 magis
703 3732 913 3814 accedentia
929 3730 999 3813 tela

151 3843 339 3956 Luminis
356 3836 514 3925 occursu
530 3849 673 3956 recipit,
700 3843 954 3961 pundlumque
972 3847 1033 3930 die

1038 3966 1219 4063 Pervenit

284 4302 388 4354 ..Ηί
