2678 4476
215 245 306 347 ,⁴09
412 223 639 309 arara-
669 224 1105 317 rucanrrun

215 389 1072 506 Ergoviventumlhusaenatruapoposm?

140 522 147 531 '
215 502 714 591 consensumhuncrerum.
749 509 1225 622 Solae'r,‚mrbila,verri

216 618 396 721 Vestoret
411 619 633 725 pluviarum,
645 650 692 704 ac
704 623 826 726 tellus,
847 626 948 731 luna,
972 633 1224 740 profirmm

216 735 471 839 Conoordant,
499 760 542 820 ut
557 736 625 821 lint
639 739 844 845 genitabilis
858 772 1003 852 organa
1024 757 1119 835 virz
1299 804 1303 809 ·

115 818 1184 971 230Testrnturquedeivigilemptrfiugulamente'm
1320 898 1339 957 0¹

273 1039 385 1117 Nunc
398 1058 521 1143 opera
532 1035 599 1140 ell,
611 1041 721 1120 nertis
736 1042 922 1127 attendere
934 1047 1126 1135 monum
1138 1080 1258 1145 arm

213 1148 345 1264 Usque
359 1153 733 1265 renascentem3'quo
750 1155 787 1237 se
800 1156 937 1264 globus
954 1165 1105 1251 ordine
1124 1176 1242 1259 nolle

212 1272 384 1349 Imninis
396 1268 445 1350 ad
459 1265 606 1351 fontem
620 1291 757 1374 vertat,
784 1272 993 1389 nostesque
1009 1283 1185 1399 dierqoe

29 1422 32 1427 ·
178 1380 546 1490 ·Afferatipsefibi;
573 1382 1140 1497 utbrumaepolltzdiamuret
1333 1480 1339 1490 Α

111 1531 183 1619 ²35
210 1503 317 1582 Veris
332 1499 492 1605 delicias,
517 1501 657 1585 aellivos
672 1504 807 1588 deinde
820 1505 979 1615 calores,
1297 1498 1339 1532 *⁶

210 1616 274 1699 Ac
287 1616 442 1698 demum
457 1623 627 1699 autumni
639 1644 753 1727 poma
767 1621 972 1730 exspetrm
987 1625 1152 1719 femie

209 1736 309 1840 Quis
322 1732 448 1815 credat
461 1735 592 1816 nundi
605 1761 782 1842 magnum
796 1739 836 1822 dr
855 1741 1022 1828 versttile
1051 1755 1242 1865 templm

56 1872 62 1883 ·
209 1853 394 1959 Perpetuo
411 1846 525 1951 volvi,
553 1872 617 1933 aut
628 1849 821 1961 abreptrnn
836 1854 984 1942 turbine
1002 1863 1153 1974 solem,

209 1968 259 2048 Et
272 1970 573 2050 circumtremere
585 1973 784 2052 auricomis
807 1970 951 2078 pittun
977 1979 1130 2069 aethera
1153 1987 1260 2097 fignit

105 2111 189 2198 240
207 2086 265 2166 Ut
281 2101 415 2163 terram
435 2087 474 2163 in
491 2084 620 2167 medio
632 2085 787 2170 stantem
800 2085 1048 2179 famulatura
1066 2122 1261 2211 coronent,

209 2200 337 2310 Atque
350 2196 559 2280 satellitibus
576 2198 715 2284 coelum
730 2201 866 2286 ambiat
888 2232 1005 2293 omne
1021 2221 1214 2304 comicis.

207 2320 299 2400 Non
312 2319 403 2400 tanti
422 2315 568 2414 firmum
603 2318 643 2400 u
663 2318 689 2401 fi
711 2339 789 2430 quo
812 2324 1023 2428 praestamus
1048 2331 1215 2421 honore

207 2438 314 2517 Gens
328 2433 542 2538 hominum,
556 2433 608 2517 est
619 2455 723 2518 totus
739 2444 884 2543 mentis,
892 2467 970 2524 non
985 2460 1195 2556 corporis:
1207 2454 1258 2540 illa

208 2546 376 2632 Debetur
391 2550 509 2654 coelo,
535 2554 645 2634 linita
660 2551 778 2637 nescia
795 2560 894 2638 vitu:

106 2685 182 2772 245
208 2670 309 2748 Huic
324 2688 446 2749 autem
461 2669 544 2754 satis
558 2670 612 2751 est
626 2676 805 2777 perituro,
832 2694 875 2755 ut
898 2701 1058 2760 munera
1084 2685 1184 2771 solis

206 2786 413 2891 Participet,
440 2786 532 2867 dum
548 2785 654 2868 usura
670 2786 791 2872 brevis
814 2793 1034 2875 conceditur
1045 2808 1142 2886 avi.

261 2957 406 3059 Quanta
422 2949 492 3034 fuit
506 2954 612 3037 vestri
628 2955 734 3061 super
750 2954 809 3036 his
826 2960 1019 3063 prudentia
1035 2968 1183 3055 casus?

206 3071 332 3174 Quam
348 3067 443 3152 bene
455 3070 629 3176 disposuit
643 3099 700 3153 res
719 3070 889 3177 condias,
917 3077 1076 3179 tmolus
1094 3084 1167 3172 alti

206 3181 364 3279 ludicii?
399 3185 537 3268 Melior
558 3187 640 3269 casu
656 3217 760 3271 mens
786 3189 883 3272 nulla
904 3189 1036 3276 firiffet

110 3310 186 3400 250
206 3301 480 3384 Oollullrandus
494 3325 571 3384 erat
585 3312 779 3399 communi
796 3304 961 3414 lampade
976 3313 1175 3401 mundus:

205 3423 305 3524 Ergo
321 3424 477 3500 materie
498 3418 675 3530 perquam
698 3421 836 3519 subtilis
860 3451 1033 3509 acervum

208 3531 417 3641 conglobat
434 3539 632 3641 ingentem,
642 3540 766 3643 rapide
780 3561 923 3641 movet,
930 3543 1017 3624 inde
1032 3568 1108 3651 per
1117 3572 1251 3636 onmet

206 3644 361 3759 AEdtetis
376 3647 527 3732 insinuat
539 3647 733 3758 globulum
761 3655 929 3738 concuffa
943 3680 1100 3766 repente
1202 3760 1206 3764 -

205 3768 342 3848 Lucida
360 3772 527 3847 materies
542 3773 765 3872 animantum
782 3772 940 3857 offendit
953 3774 1102 3862 ocellos

104 3908 174 3992 255
205 3887 311 3968 Forte
328 3879 531 3987 laboratus,
561 3904 596 3966 at
609 3883 657 3972 lic
671 3883 845 3994 feliciter,
872 3912 913 3974 ut
927 3888 996 3978 lint

1088 4009 1252 4106 mauu
