2678 4476
56 206 59 213 ’
136 285 141 294 ·
234 273 315 354 402
427 236 1113 333 anat-nveniantur.

82 466 88 490 ι
129 410 133 427 '
236 413 439 519 Perspicue,
466 408 608 519 liquido
623 435 722 490 nunc
737 411 831 509 sunt,
858 433 902 490 ea
918 403 1014 490 falsa
1032 405 1221 522 fuiffenr,
1315 406 1326 475 'r

237 533 277 612 Si
293 555 409 612 nexus
424 524 515 608 alios
531 521 734 606 habuiiient
750 549 908 631 corpora
925 529 1076 632 prima,
1317 511 1326 545 '¹

238 642 495 757 Equibusaut
511 661 666 744 mentes,
686 660 747 723 aur
760 636 948 721 mentibus
961 639 1093 726 obvia
1108 645 1278 732 conam?

237 767 332 866 Quis
345 786 422 840 non
438 762 596 864 excipiat
609 754 830 849 rnaleffinum
851 757 992 862 dogma
1012 760 1244 845 cachinnis?

23 866 36 883 ⁶*
106 916 186 1002 290
231 875 488 985 Qud-verum
496 872 883 976 est,hocanteatomos
898 872 1126 983 &corpora
1134 906 1277 990 quaqua
1322 918 1325 923 -

234 997 323 1073 Hoc
338 988 412 1073 fine
420 985 641 1098 corporibus
649 1016 780 1075 verum
795 989 847 1071 est
862 993 1089 1103 atomisque
1104 991 1190 1079 fine
1203 995 1277 1083 uilia

121 1168 124 1175 -
232 1107 408 1217 Cumque
424 1104 543 1189 ocutis
558 1106 758 1189 hominum
773 1134 852 1216 qua
860 1113 1142 1193 convenientia
1152 1111 1276 1219 lucrat,
1324 1102 1327 1115 '

189 1224 194 1235 ’
233 1227 322 1305 Hze
335 1220 406 1305 fuit
419 1243 503 1305 ante
517 1219 650 1305 oculos
667 1221 706 1302 a
721 1220 868 1324 iucem,
891 1227 1051 1329 cognita
1068 1232 1215 1313 menti,

288 1409 377 1486 Non
392 1407 503 1524 igitur
523 1403 610 1483 Veri
625 1401 726 1483 casus
746 1410 867 1508 patei-3
901 1418 937 1482 at
952 1418 1091 1514 neque
1109 1410 1212 1510 juffi

102 1554 186 1645 295
231 1517 685 1629 Justumnempequidess,
701 1516 764 1601 nist
773 1542 902 1598 verum
911 1520 1176 1611 inmunibus?
1191 1527 1275 1615 Aba

231 1634 384 1718 indubia
408 1634 447 1715 a
470 1635 651 1717 constans.
666 1633 843 1716 cernendi
866 1630 990 1738 regula
1011 1637 1124 1745 iusti,

79 1820 82 1825 .
169 1808 171 1813 -
230 1758 287 1833 En
302 1749 433 1860 procul
449 1777 468 1832 a
486 1748 595 1833 nobis
611 1752 785 1858 cernendi
803 1746 925 1855 regula
943 1755 1037 1832 veri.

229 1865 332 1949 iliam
347 1867 470 1950 homo
484 1866 510 1950 fi
524 1868 631 1948 finxit
645 1894 767 1950 novus
783 1863 927 2062 mig}
946 1864 987 1948 bt
1001 1866 1117 1954 hano
1132 1902 1277 1992 quoque

130 2047 135 2053 .
526 2013 529 2017 ·
928 1986 975 2062 it:

112 2184 115 2190 ,
172 2130 175 2139 ·
226 2102 264 2181 Si
279 2119 458 2198 neutram,
485 2115 610 2178 natura
623 2121 751 2203 parens
768 2114 962 2208 utramque
975 2110 1143 2188 creavit.
1275 2181 1279 2187 .

73 2274 76 2278 ι
96 2243 177 2330 300
226 2221 318 2326 Qua
333 2211 438 2296 facile
453 2234 494 2295 ut
510 2217 627 2319 capias
642 2211 779 2319 prafari
794 2240 907 2320 pauca
923 2209 1069 2319 licebit,

58 2412 61 2416 Α
223 2333 285 2415 Ac
300 2332 428 2414 nostra
441 2333 592 2412 interius
613 2327 806 2437 penetralia
829 2333 963 2412 mentis
984 2331 1111 2418 adire.

281 2502 470 2579 Nimirum
485 2498 644 2586 estratio
660 2490 768 2576 nobis
784 2498 917 2598 innata,
942 2503 1108 2605 perinde

110 2612 115 2629 '
223 2616 279 2694 Ut
294 2614 376 2696 sunt
393 2618 505 2696 innati
517 2612 647 2695 sensus.
703 2616 792 2692 Non
812 2609 970 2696 fecimus
987 2615 1054 2722 ipfi

221 2731 344 2813 Aures
361 2751 468 2840 atque
476 2726 620 2831 oculos,
629 2725 761 2840 quibus
771 2734 929 2826 utimut3
957 2751 1271 2846 utnequeretum

94 2864 168 2954 305
221 2843 395 2948 Objeiias
411 2845 563 2951 species:
592 2870 680 2955 quas
697 2850 790 2927 inter
807 2845 844 2926 ὅι
859 2872 994 2952 organa
1008 2849 1160 2959 statiua,

220 2967 464 3047 Harmoniam
477 2961 598 3069 posuit
611 2957 720 3042 talem
742 2981 866 3044 natura
882 2969 1048 3062 creatrix,

219 3081 287 3181 Ut,
314 3108 402 3162 cum
416 3076 662 3178 obversantur,
683 3077 805 3158 sensus
818 3076 922 3160 sunul
935 3077 1081 3163 hauriat
1099 3084 1198 3172 illas.

219 3197 309 3275 Non
324 3200 439 3302 magis
453 3195 608 3279 artifices
620 3199 775 3302 propria
792 3200 942 3278 rationis
959 3193 1090 3280 haberi

115 3340 117 3344 ³
218 3312 422 3415 Potiumus,
448 3322 510 3393 au't
523 3315 618 3407 veri5
645 3311 750 3420 quod
765 3339 853 3397 cum
869 3317 1009 3394 ratione
1022 3311 1166 3419 ligatur

56 3444 59 3450 ·
89 3446 158 3529 310
217 3429 419 3510 Harmonia
436 3426 509 3529 tali,
536 3446 691 3538 nequeat
705 3428 742 3509 se
755 3448 797 3508 ut
810 3430 969 3533 pandere
984 3456 1136 3535 verum,

91 3548 93 3552 ’
215 3545 319 3647 Qrin
335 3548 427 3626 ratio
443 3541 638 3626 confestim
662 3546 860 3650 apprendat
883 3541 1097 3629 &imbibat
1119 3546 1230 3634 iliud.

110 3684 129 3700 '⁴
213 3658 326 3740 Unde
340 3660 444 3772 quod
459 3661 532 3765 ipiir
547 3658 658 3760 videt,
672 3656 732 3759 fic,
750 3680 790 3741 ut
805 3661 916 3763 videt,
932 3661 1003 3742 effe
1015 3664 1164 3748 neceffe
1181 3669 1256 3751 est:

210 3777 257 3855 Et
271 3777 373 3886 quod
388 3781 423 3857 ei
439 3781 582 3856 certum
596 3775 659 3874 est,
682 3795 824 3857 certum
838 3781 938 3882 prius
952 3777 1030 3858 hoc
1043 3764 1186 3865 eratin
1201 3785 1253 3895 se,

92 3908 95 3917 ’
207 3895 333 3999 Qum
346 3889 445 3976 foret
460 3889 629 4007 humano
649 3894 800 3976 rationis
820 3891 961 3979 iumine
980 3916 1129 4005 aarum.

991 4078 997 4099 ,
1121 4013 1249 4125 Qrod
