2678 4476
153 198 162 213 “
247 149 371 279 exire
575 205 944 271 counruannro

242 389 399 475 putem,
423 384 505 462 quae
531 358 757 433 Oeconomica
785 356 885 447 audit,
916 367 1087 461 pertinens.
1143 359 1281 440 Addidit

249 479 325 548 huie
344 469 465 540 retium
485 457 681 562 supientiae,
706 457 932 561 speculatiuam
947 491 1104 565 quoque3
1128 468 1281 540 Theolo-

248 583 320 678 giae
334 563 478 641 Natumli
497 559 641 652 scilicet,
664 561 716 635 vel
735 563 976 663 Metaphysreae
988 576 1154 667 propriam
1168 571 1280 643 trasia-

250 684 396 750 tionem:
427 669 482 740 vbi
500 663 796 754 verfibuslseroitis
821 669 1046 765 Theogoniam,
1068 668 1280 772 composuit3

210 840 218 865 „
245 768 428 850 subulosanr
441 765 575 870 quidem
590 773 766 840 maximam
778 787 914 868 partem,
929 795 990 868 pro
1005 788 1193 869 temporum
1206 771 1281 848 illo·

247 905 325 952 rum
338 899 434 946 more
448 889 631 972 captuque3
652 888 686 940 at
706 892 775 941 non
789 865 1034 942 contenurendis
1048 865 1182 946 subinde
1196 872 1279 978 dog·

247 978 386 1054 motibus
408 970 570 1047 refertam.
647 968 711 1043 Vel
730 964 798 1043 sola
815 967 860 1043 ‘de
880 972 1097 1060 Prometheo,
1123 970 1281 1078 donoque

249 1080 308 1183 ipss
332 1078 373 1151 ab
398 1081 479 1149 Ioue
500 1072 578 1146 dato
596 1068 729 1160 fabula,
760 1066 832 1145 sa'tIe
852 1068 991 1160 indicit,
1015 1081 1178 1175 originem
1200 1079 1281 1152 mali

249 1181 486 1284 explicaturum
522 1198 792 1261 neeronvro,
831 1169 889 1246 sub
922 1177 1115 1276 imaginibus
1148 1175 1281 1254 sabulo·

247 1285 288 1362 fis
303 1306 435 1359 arcanos
448 1284 550 1352 animi
564 1271 782 1376 philosophici
795 1270 899 1348 sensus
911 1271 1068 1377 sapienter
1088 1276 1280 1356 occultasse:

248 1409 282 1462 vt
294 1388 370 1460 alibi
383 1380 642 1458 monstrauimus.
675 1370 764 1478 Qrid
778 1372 818 1450 de
834 1403 986 1453 nvnrnr
997 1393 1020 1452 a
1030 1378 1175 1470 edicam,
1190 1386 1279 1457 Trn-

249 1499 402 1596 gicorum
414 1508 607 1586 graecorum
620 1476 715 1551 facile
724 1481 890 1578 Principe?
914 1480 1014 1553 Hunc
1026 1489 1116 1555 enim
1130 1492 1278 1559 amicum

179 1596 192 1637 ·’
250 1579 622 1683 socnnrrsl'hiloso
646 1585 691 1669 hi,
705 1576 981 1683 &Philosophum
994 1579 1088 1659 fuisse
1107 1594 1276 1689 antiquitas

250 1703 359 1769 omnis
372 1684 449 1765 false
462 1687 514 1761 eli.
573 1610 721 1760 Indcant
744 1679 834 1759 idern
853 1680 981 1760 fabulae
1000 1692 1085 1776 eius,
1110 1708 1275 1792 quotquot

133 1858 136 1865 .
249 1798 371 1871 exstant
392 1791 605 1865 saluberrimis
627 1784 794 1886 sapientiae
821 1797 996 1889 praeceptis
1018 1785 1162 1866 refertae.
1185 1864 1188 1887 ,
1234 1796 1275 1866 Ιιι

121 1957 124 1965 .
172 1895 177 1904 ’
211 1926 214 1931 ·
248 1896 421 2000 prouerbio
434 1895 579 1964 abierunt
593 1896 670 1974 eius,
683 1894 727 1958 vti
744 1887 947 1988 reliquorum
967 1900 1067 1964 etiam
1087 1898 1273 1983 Poitanrm,

248 2019 362 2101 argute
370 1992 471 2067 dieta:
484 1987 617 2091 setisque
631 1985 747 2061 exinde
756 2009 852 2088 patet,
865 1995 1031 2064 exVaturn
1044 1994 1273 2098 philosophari.
1287 2006 1290 2013 ·

250 2109 334 2175 tium
351 2100 466 2182 choro,
492 2100 545 2167 uix
560 2120 596 2163 ac
604 2117 646 2169 ne
653 2096 706 2164 vix
713 2087 846 2192 quidem
855 2089 994 2164 eundem
1008 2096 1134 2170 excludi
1148 2094 1250 2198 polle.
1275 2103 1282 2111 “

179 2268 183 2281 ,
349 2199 547 2301 hllquaeret
560 2190 646 2266 forte
658 2198 841 2295 quispiam:
872 2190 985 2297 Qud?
1009 2195 1100 2270 illine
1117 2197 1273 2299 iplisuur·

244 2311 295 2378 mi
309 2297 513 2404 philosophi,
534 2323 675 2401 quorum
690 2291 836 2369 doctrina
851 2294 962 2369 litteris
974 2296 1102 2398 prodito
1115 2301 1177 2391 eil,
1195 2307 1274 2379 Mu·-
1316 2366 1319 2380 ,

247 2407 286 2481 fis
309 2414 408 2479 etiam
430 2401 519 2490 illis,
557 2425 633 2500 quas
653 2394 821 2497 sapientire
840 2397 1022 2474 obstetrices
1040 2421 1076 2474 tu
1097 2403 1272 2503 praedicas,

246 2507 348 2582 dediti
362 2506 521 2580 fuerunt?
546 2499 789 2574 Difficillimum
803 2497 847 2572 cll
859 2504 924 2574 hoc
945 2500 986 2578 de
1006 2509 1157 2585 omnibus
1178 2506 1274 2580 adfir-

247 2637 364 2700 mare5
389 2628 515 2683 eertum
528 2624 639 2678 tamen
652 2601 722 2692 est,
746 2600 824 2705 qaid
837 2618 994 2706 regerem.
1045 2608 1171 2683 Multos
1185 2613 1275 2710 equi.

247 2712 325 2786 dem
338 2737 442 2812 nuper
455 2707 622 2785 excellenti
645 2711 777 2808 ingenio
797 2713 831 2780 dt
851 2711 967 2781 virtute
985 2708 1199 2812 Philosophus
1220 2739 1274 2786 ex-

164 2822 167 2827 '
238 2811 352 2907 ilitisse
365 2814 503 2915 largior,
528 2809 624 2883 nullis
638 2804 806 2901 Musarum
819 2810 942 2884 amiliis
955 2811 1133 2887 iustrudlos.
1156 2818 1271 2889 Etiam

234 2915 282 3003 ¹id
295 2914 459 3017 adiungo,
484 2909 607 2987 facilius
627 2908 727 2993 hodie
747 2906 923 3012 sapientem
943 2921 1074 3007 virum,
1101 2915 1172 2988 'sme
1193 2923 1273 3015 po'e’-

125 3062 129 3069 ·
180 3078 183 3083 «
244 3019 315 3097 scos
330 3046 417 3118 ope,
442 3012 576 3089 euadere
590 3022 789 3115 quemquam
805 3007 919 3114 polle,
945 3043 1044 3119 quam
1062 3016 1129 3089 srne
1150 3013 1273 3116 sapien·

245 3147 320 3198 tum
336 3123 426 3195 libris
447 3138 553 3191 vatem
574 3116 647 3192 ficri
666 3122 832 3190 exirnirun.
883 3121 1118 3192 Verumtamen
1138 3118 1273 3192 conteri·

244 3226 313 3314 do,
338 3219 424 3325 apud
438 3242 586 3322 antiquos
600 3216 673 3292 illos
689 3274 700 3306 ,
722 3225 847 3320 quoties
863 3217 904 3292 ad
917 3217 1085 3322 sapientiae
1100 3218 1290 3319 doslaina's„

242 3336 371 3433 poiticn
385 3318 543 3398 occesserit
555 3350 593 3394 ac
606 3323 719 3405 mitior
734 3327 856 3423 ingenii
870 3328 940 3411 vise
962 3329 1056 3398 toties
1070 3317 1180 3396 nescio
1216 3324 1274 3397 uid

239 3429 440 3531 praeclarum
455 3433 490 3499 ὅ(
504 3428 649 3496 htunano
670 3431 779 3522 generi
801 3430 943 3498 maxime
961 3419 1181 3525 profuturum
1191 3352 1274 3501 sem·
1310 3512 1313 3529 1

71 3529 74 3543 ’
144 3595 148 3606 f
242 3560 301 3632 per
319 3522 475 3602 exstitisse
523 3529 569 3596 Ita
590 3524 706 3613 enim,
730 3524 793 3597 illis
814 3521 923 3597 saltem
946 3528 1171 3626 temporibus,
1194 3549 1272 3603 cons

177 3662 181 3677 ⁸
242 3633 351 3706 iunsla
369 3650 459 3703 erant
520 3624 608 3711 ileos
623 3645 716 3724 atque
732 3620 902 3735 sapientiae
919 3625 1020 3703 studia
1037 3687 1047 3718 ,
1072 3651 1104 3703 ut
1117 3624 1271 3705 neutrum

239 3736 307 3810 sure
328 3723 428 3805 alter'o
450 3655 518 3803 elli
531 3722 620 3828 polle
639 3724 808 3800 videretur.
867 3725 930 3800 Sed
943 3738 1113 3834 praecipue
1136 3728 1270 3835 quidem

75 3914 84 3929 ,
232 3835 363 3936 septem
377 3833 424 3906 illi
441 3890 452 3920 ,
477 3837 534 3933 qui
544 3832 614 3902 ‘vno
627 3849 776 3927 tempore
790 3824 883 3903 fuisse
899 3828 1047 3908 diomnrr
1066 3843 1102 3909 in
1124 3839 1269 3928 Graecia,

239 3945 295 4042 qui
308 3935 461 4037 sapientes
476 3941 511 4008 δι
531 3946 723 4023 vocarentur
744 3937 780 4004 dt
798 3933 1015 4027 haberentur3
1042 3958 1207 4040 tantopere
1232 3945 1269 4013 in

330 4083 334 4091 ·
1132 4061 1269 4144 utroque
