2678 4476
182 195 266 283 424
375 122 1045 277 Ausi-auctivas.

185 344 235 429 iit
249 342 287 419 vi
302 337 392 420 stare
409 334 469 418 stu
485 333 558 417 fine
575 334 650 417 line
664 334 861 447 modoque
872 329 1062 435 fateris·
1228 374 1235 407 ·.
1321 334 1325 343 ’

186 448 443 549 Noutribues?
474 451 605 557 Apage
620 449 792 535 indocilis
804 448 934 535 deliria
951 449 1102 535 sestael

247 639 329 733 ,lam
342 631 369 717 li
383 596 570 714 infinitum
585 660 633 714 ex
647 633 760 715 finitis
774 626 943 741 partibus
958 624 1111 715 omne
1290 602 1299 611 ⁸

191 754 351 849 Dixeris,
377 768 418 831 ut
430 746 499 831 tibi
512 747 554 830 srt
568 775 692 831 rerum
709 748 873 831 infinitus
889 773 1079 852 acervus,

68 892 155 980 940
191 872 280 949 Non
297 891 374 968 res,
402 888 482 976 quc
496 870 568 948 toti
584 864 787 974 superedita
801 862 915 973 prxiit
931 889 1121 962 κεῖνος

190 977 344 1088 Delipis.
400 981 443 1064 id
459 981 563 1089 supra
579 1005 669 1064 vero
688 1005 851 1089 pugnare
866 977 1100 1072 docebam:

191 1098 292 1181 Cum
306 1096 355 1180 de
367 1103 526 1182 materia
542 1122 700 1183 numero
713 1093 937 1207 pundlisque
953 1101 1143 1189 minutis

192 1210 422 1319 Dissererem.
478 1212 663 1325 Simplex,
690 1208 928 1297 unumsunul
943 1210 1029 1296 else
1052 1210 1227 1322 probavi,

193 1331 321 1418 Omne
336 1328 543 1427 inlinitum3
573 1326 651 1412 n'on
666 1330 808 1415 constat
819 1324 994 1437 pluribus
1009 1335 1150 1437 unis..

70 1456 153 1551 9'45
193 1449 254 1528 Sic
268 1458 443 1529 aternum
456 1446 772 1529 haudinnumeris
791 1448 1048 1551 componitur
1067 1445 1185 1531 horc
1326 1537 1338 1565 ἢ,

55 1594 60 1607 ·
107 1642 111 1653 ,
193 1567 420 1660 Momentis3
447 1591 517 1647 nec
533 1567 727 1671 preterito,
748 1561 940 1671 presente,
969 1558 1161 1645 futuros
1202 1600 1240 1655 ¹,
1320 1573 1328 1586 ”

167 1690 172 1699 ’
193 1679 346 1765 Praesens
363 1700 582 1787 perpetuum
600 1679 663 1762 est.
686 1756 690 1765 ,
719 1676 814 1761 Solis
835 1675 1042 1760 succedere
1074 1676 1208 1782 rebus,

193 1800 289 1903 Qua
303 1817 471 1903 pereunt,
498 1798 558 1876 sua
575 1821 645 1877 nec
660 1793 810 1878 sumunt
822 1794 1034 1902 primordia
1059 1822 1141 1904 per
1157 1795 1224 1903 se„
1281 1878 1287 1887 ,

179 1914 431 2023 xfinitumque
446 1912 553 1994 damr
566 1915 720 2018 carptim
733 1935 946 2020 percurrere
961 1930 1146 2019 tempus.

72 2034 153 2123 950
196 2030 285 2110 Non
300 2032 399 2134 capis
414 2028 503 2130 hac,
532 2024 675 2139 inquis?
703 2032 790 2110 Tua
800 2048 914 2109 'mens
938 2028 1048 2109 finita
1075 2023 1249 2136 profecto

123 2224 127 2232 ,
196 2149 363 2233 Tantum
378 2144 497 2225 finitas
512 2149 609 2250 potis
626 2144 678 2227 est
694 2142 961 2258 comprendere
984 2143 1145 2228 moles:
1228 2140 1231 2145 ⁴

196 2258 398 2341 Verum'cx
415 2258 526 2342 linitis
542 2280 605 2342 aut
619 2260 721 2342 mole
737 2281 800 2342 aut
811 2281 981 2365 tempore
1002 2257 1144 2366 rebus,

196 2377 333 2457 Insiniti
347 2374 483 2486 aliquid
497 2377 533 2460 se
547 2377 650 2486 supra
667 2375 836 2485 intelligit
855 2372 946 2457 else:
1009 2420 1013 2429 ·

197 2490 313 2592 cujus
328 2494 375 2574 ad
390 2493 536 2601 effigern
553 2495 574 2599 (
581 2523 658 2606 quae
678 2492 786 2575 nobis
802 2491 919 2594 insta,
946 2518 1081 2574 rerum

13 2654 16 2661 ·
75 2617 150 2704 955
196 2613 254 2691 Fit
267 2606 366 2690 velut
378 2606 588 2715 exemplar)
603 2610 786 2721 quidquid
800 2612 1047 2717 proponitur,
1081 2605 1150 2690 illa

197 2729 301 2808 Parte
314 2721 373 2805 vel
385 2724 457 2805 hac
472 2752 668 2829 mancum,
696 2723 819 2808 subito
841 2749 1017 2807 revocare
1036 2723 1223 2814 solemus,

179 2895 188 2916 '
215 2931 224 2939 ·
254 2887 412 2999 Quodsi
427 2893 476 2972 ita
493 2918 569 2973 non
585 2891 815 2993 esset‚.tanto
833 2889 1003 2975 durabilis
1017 2918 1120 2996 aevo,

9 3024 21 3062 ·‘
199 3009 321 3090 Tanta
338 3004 440 3095 mole
457 3027 616 3109 tumens,
638 3006 697 3090 vel
714 3030 791 3090 tam
813 3004 973 3116 perfesia
999 3007 1128 3091 videri

126 3174 130 3179 -
199 3125 286 3227 Res,
302 3127 428 3229 animo
444 3123 569 3206 liltem
585 3124 833 3206 &meditandi
848 3121 1134 3233 roborequiret,
1185 3187 1190 3195 .

76 3240 160 3347 960
197 3243 393 3351 Tantaque
411 3245 449 3321 vi
464 3246 629 3343 numeri,
656 3240 749 3323 nihil
770 3260 811 3353 ut
837 3234 1035 3348 perfestius
1062 3267 1240 3357 unquam,

196 3358 278 3446 Aut
293 3353 502 3457 durabilius,
529 3359 668 3459 majus,
694 3355 924 3440 numerosius
945 3354 1051 3450 elset3
1251 3444 1259 3455 ⁸

47 3567 49 3571 Ι
197 3470 265 3553 Vel
283 3497 417 3579 genere
433 3478 472 3555 in
488 3479 623 3585 quovis
636 3472 856 3556 cumulatius
873 3469 942 3554 esse
956 3467 1126 3579 potesset.

197 3588 360 3693 lavero,
385 3583 562 3703 sicorpus
578 3595 659 3694 erit,
687 3596 883 3699 nunquam
892 3587 1034 3670 accidit.
1093 3595 1184 3672 Imo

198 3703 386 3787 Addimus
401 3704 531 3794 oblatis
546 3708 700 3815 semper.
756 3713 852 3788 Nam
869 3701 1038 3817 quolibet
1061 3732 1146 3788 arvo

60 3817 155 3929 Ι965
198 3824 423 3931 Percipimus
438 3819 634 3906 confestim
652 3822 751 3906 aliud
766 3817 974 3909 diuturnius
989 3845 1124 3941 evum)

454 3980 457 3991 ·
694 3951 698 3960 '
1124 3992 1128 4003 ι
1198 3939 1243 4020 Et
