2678 4476
32 153 36 163 ⁵
92 184 176 340 ςι
271 167 531 309 ιιιτι
548 217 1046 305 ructantur.

19 426 23 431 ·
121 394 208 473 Ceu
224 389 371 499 grandis
386 405 479 490 rota,
496 387 685 474 volvendo
701 418 782 497 quat
796 388 954 497 plurima
969 357 1170 474 sursum
1229 472 1232 475 ,

127 506 308 607 Extrahit,
320 533 364 593 ac
378 496 552 589 deorsum
569 505 758 593 volvendo
776 505 933 617 plurima
949 506 1083 589 trudit:
1207 543 1211 564 ·

60 627 346 726 Auringem
361 625 497 708 fluvius
512 648 591 734 quo
607 628 740 735 partim
756 621 880 707 littora
906 627 1049 706 circum
1166 652 1170 659 ·

33 728 105 830 375
130 738 350 825 Foecundata
365 743 494 843 nitent,
505 744 642 861 partim
652 741 807 824 corroia
823 737 1004 823 fatiscunt.

131 832 233 937 Atii
242 880 301 936 res
315 853 414 955 effer,
431 852 583 966 quando
599 861 707 943 flux'ae
717 852 814 941 illius
828 881 961 939 omnes

130 969 313 1055 Particulae
327 989 481 1083 pereunt
493 966 599 1056 simul
615 997 658 1059 au
672 999 819 1074 venere,
834 1000 905 1056 uec
921 997 992 1054 una

132 1088 233 1169 Stant
241 1091 468 1199 unquamast
476 1085 994 1203 abrguntseseexcluduntque
1002 1087 1173 1177 victum

16 1256 19 1263 ·
134 1204 258 1305 Certe,
298 1205 378 1291 uod
387 1203 544 1346 refugis,
560 1206 705 1313 semper
719 1233 780 1289 res
793 1203 851 1289 illa
866 1209 1007 1291 veniret
1147 1266 1150 1273 -

38 1310 117 1413 380
134 1325 190 1421 Ex
208 1230 347 1420 ιιιιιιος
383 1326 423 1408 in
436 1319 595 1408 nihilum
618 1322 760 1429 semper
774 1319 930 1430 collapsa
944 1321 1149 1407 rediret,
1200 1394 1205 1427 .-

134 1413 304 1547 Qiod
267 1443 377 1524 mmis
394 1463 414 1524 a
432 1435 529 1525 retia
543 1443 720 1551 quoniam
736 1442 877 1525 ratione
895 1458 1057 1545 vagatur,
1165 1496 1177 1525 2.
1233 1450 1237 1457 “

134 1559 224 1635 Hoc
241 1558 351 1638 'etiarn
365 1572 477 1668 atque
491 1559 602 1639 'etiani
619 1576 762 1654 teneas,
779 1552 873 1638 nihil
891 1552 962 1638 effe
981 1554 1171 1664 reapse

57 1674 340 1825 Temperis
384 1693 495 1788 atque
529 1670 611 1777 loci
639 1673 795 1784 spatium
831 1671 1089 1790 quodcunque
1106 1658 1176 1771 vui

499 1833 501 1838 ·
691 1812 839 1888 camum
1168 1864 1174 1881 .,

82 1904 212 1991 sed
226 1872 372 1986 tanturn
386 1896 561 1991 innostra
576 1895 767 1988 confistere
782 1924 908 1987 mente
916 1886 1173 2020 ,metusque
1229 1969 1239 1979 .

9 2025 114 2128 ι385
138 2024 290 2126 Ingenii,
306 2031 469 2129 quotum
485 2019 678 2113 naturaest
691 2018 800 2104 inscia
801 2041 967 2131 ‚partus

98 2141 176 2257 Si
193 2159 250 2220 res
265 2133 362 2222 uuila
380 2132 501 2240 foret,
516 2163 586 2220 nec
601 2149 770 2247 tempuS‚
787 2165 857 2220 nec
871 2135 978 2221 locus
992 2134 1092 2220 esset.
1234 2216 1237 2223 .

110 2214 310 2360 Tempus
327 2273 383 2345 uu
373 2248 631 2338 mutabilium
646 2255 844 2339 constantia
861 2280 997 2338 rerum·
1007 2248 1146 2382 estp¹

137 2366 473 2475 lmpeuettabiliuru
487 2360 593 2453 locus
609 2373 661 2454 est
678 2371 840 2456 distantia
855 2395 991 2453 rerum.

139 2483 212 2570 Sed
227 2485 321 2568 nihil
339 2510 360 2569 a
377 2483 488 2569 rebus
509 2487 633 2597 differt
646 2486 807 2568 distantia
823 2512 969 2583 rerum,
1054 2537 1092 2545 --
1145 2494 1179 2537 ἰ

43 2622 122 2711 390
140 2605 198 2691 Ut
200 2592 308 2724 rruini
324 2629 343 2688 a
359 2601 469 2690 rebus
486 2631 612 2691 rerum
627 2605 826 2690 constantia
842 2603 976 2687 differt.

198 2835 253 2916 At
270 2830 445 2945 cujusque
459 2834 512 2919 ¹rei
526 2833 632 2918 locus
650 2834 919 2943 arediscrepat
933 2834 1027 2941 ipse,
1118 2918 1121 2925 f
1143 2892 1146 2897 ·
1172 2895 1177 2904 -

22 3018 26 3032 .
141 2946 339 3038 Continuo
354 2953 475 3040 dines:
497 2980 582 3038 nam
599 2977 735 3065 eorpus
743 2951 873 3038 toliere
880 2971 1097 3063 promptum
1113 2951 1189 3044 ιιι,

6 3104 11 3125 ι
41 3110 46 3123 ⁴
92 3075 509 3157 interearemanente
523 3068 611 3154 loco
630 3074 694 3185 qui
709 3095 846 3177 eorpus
866 3066 1037 3152 habebat.

143 3178 398 3298 Nequaquam.
433 3191 575 3272 Verum
588 3187 729 3270 idcirco
745 3207 933 3269 remanere
949 3187 1096 3266 videtur

45 3322 117 3406 395
145 3305 325 3406 Corporis
341 3301 449 3390 ablati
464 3301 739 3414 iocus1s‚quia
754 3328 834 3416 qua
848 3306 949 3408 prius
963 3299 1055 3385 illud

143 3415 361 3522 Cingebant‚
377 3417 442 3504 iilo
458 3442 536 3505 nou
552 3421 634 3502 sunt
650 3416 806 3502 abeunte
824 3439 977 3504 remota.
1165 3422 1167 3427 ’
1212 3462 1215 3471 ·

35 3602 37 3609 ,
143 3537 270 3614 Verus
275 3555 312 3620 at
326 3540 401 3640 ipie
416 3536 534 3638 locun,
559 3536 715 3646 ipatium
728 3536 790 3617 seu
806 3541 974 3642 corporis
992 3532 1183 3640 ipsum
1166 3594 1173 3603 -

142 3653 232 3733 Non
244 3649 384 3751 maufit,
401 3650 566 3758 fugiente
583 3649 687 3739 fitnul
702 3679 789 3733 eum
808 3677 968 3757 corpore
989 3650 1121 3759 fugit.
1162 3652 1169 3713 i

140 3768 182 3849 ‘Si
198 3763 306 3851 loeus
328 3770 514 3864 interdum
533 3766 742 3853 resumitur
761 3765 900 3877 absque
915 3766 1046 3873 locata,
1152 3812 1168 3827 ·-
1195 3783 1199 3791 '
1234 3783 1239 3789 “

41 3895 129 3983 400
144 3887 259 3968 Tune
272 3881 485 3997 intelligitur
501 3902 645 3971 tantum
668 3887 800 3983 vicinia
813 3909 951 3991 rerum,

1088 4005 1183 4107 Qiae
