2678 4476
73 168 78 175 ’
178 243 279 326 u
425 217 631 301 narr
640 165 1061 300 'aucharius

233 386 306 469 Sed
323 410 487 496 quonam
503 383 541 464 se
555 409 663 465 more
674 403 816 518 gerent,
844 411 941 496 quos
956 403 1048 465 tetra
1064 378 1181 489 libido
1268 408 1272 415 ’

232 500 444 595 Protrahit
432 504 650 601 invetiturn,
677 504 794 606 magis
809 528 858 581 ex
871 498 1099 585 obstantibus
1112 495 1267 584 ardens?

233 625 315 700 Ceu
330 614 487 698 violenta
502 613 577 697 fitis
590 613 896 699 fervoreaecensa
919 612 1061 718 febrili,

128 778 190 869 315
228 741 354 838 Qum
367 729 622 815 decumbentis
636 759 824 843 nunquam
838 737 1008 840 patientia
1021 736 1163 816 vincet

230 846 423 959 Improba,
447 849 510 932 sed
526 847 685 957 lympha
697 847 779 933 solo
793 846 992 957 placaveris
1008 849 1149 932 haustu

271 1081 392 1166 :Nulla
406 1087 511 1195 quies
528 1087 654 1167 animo
669 1040 823 1185 Thesei,
850 1084 942 1168 dum
957 1082 1263 1189 Phaedra„sorore

4 1218 8 1233 '
155 1235 159 1241 ·
228 1205 397 1303 Gratior,
405 1203 581 1283 incestum
596 1207 699 1283 venis
714 1201 856 1284 instillat
866 1230 1052 1303 amorem,
1070 1296 1073 1304 ,

9 1420 12 1429 ¹
63 1346 65 1355 ·
226 1323 276 1400 Ni
292 1318 476 1400 Phaedram
492 1316 648 1399 abducat
663 1322 806 1419 tacitus,
833 1317 1031 1428 paiiosque
1047 1317 1261 1424 hymeneos
1320 1380 1328 1391 ι

118 1448 192 1539 320
229 1434 389 1517 Deserat.
447 1431 578 1515 Infelix
592 1433 772 1547 Ariadne!
799 1431 861 1514 Nil
874 1432 941 1516 tibi
957 1432 1023 1515 filo
1138 1456 1144 1471 '

227 1550 405 1635 Direxisle
420 1555 495 1632 vias
510 1577 576 1656 per
591 1546 838 1632 inextricabile
853 1571 1000 1635 textum
1087 1626 1090 1633 ,

82 1664 85 1675 ’
224 1669 413 1770 Proderit,
440 1695 482 1750 ac
497 1672 609 1749 vitam
624 1672 838 1791 irrrmernori
851 1664 1000 1750 servasse
1020 1664 1170 1751 marito!

225 1786 335 1867 Nec
324 1807 441 1885 jurata
452 1784 558 1885 fides,
585 1771 726 1865 meritis
741 1811 811 1865 nec
826 1789 971 1888 praemia
986 1786 1094 1865 tantis
1175 1852 1179 1858 .

181 1898 370 2002 Debita,
398 1899 605 1978 nascentem
620 1916 794 2001 poterunt
807 1899 1034 2002 exstinguere
1048 1868 1265 2033 ilauamaml
1321 1920 1333 1991 :A

36 2012 49 2027 ⁸
118 2032 189 2116 325
225 2017 384 2099 Uritur
371 2018 508 2093 ruterea
524 2009 637 2117 culpae
652 2008 718 2091 fibi
732 2012 900 2092 conscius
917 2013 1092 2109 heros:
1179 2078 1183 2083 .

223 2130 330 2239 Quid
350 2123 482 2210 faciet?
510 2124 695 2208 Placitone
718 2123 843 2208 furens
867 2116 1043 2233 pugnabit
1058 2089 1199 2230 amori?
1299 2168 1301 2173 ·

223 2247 377 2329 Sedet'ur
392 2233 499 2326 citius
512 2239 667 2345 viilrix,
695 2256 808 2352 quam
821 2240 1105 2351 viriacu'prdos
1201 2264 1212 2306 ⁸-

222 2369 322 2444 Hinc
339 2365 550 2468 anianopax
565 2358 657 2441 alma
672 2359 786 2455 redire
811 2387 882 2468 pax
896 2362 980 2462 ista,
1010 2357 1198 2463 Voluptas.
1261 2380 1266 2387 ·

223 2483 331 2582 Hae,
359 2482 516 2585 Epicure
532 2473 599 2557 tibi
613 2473 833 2582 proludens,
861 2483 1025 2583 cogitat:
1050 2502 1140 2582 ergo
1180 2556 1183 2561 ,
1245 2537 1261 2566 „

116 2621 186 2703 339
222 2595 388 2678 Exsolvit
400 2620 517 2675 nexus
538 2619 690 2693 ornnes,
717 2593 800 2692 jura.
808 2598 933 2675 omnia
952 2597 1091 2700 rumpit
1197 2588 1199 2592 ’
1260 2611 1263 2617 ·
1322 2684 1332 2693 p

220 2713 417 2805 Perfidusa·
432 2714 569 2814 ignotis
591 2706 854 2791 moribundam
877 2708 1008 2821 linquit
1024 2715 1062 2788 in
1075 2712 1170 2808 oris,

220 2832 281 2913 Ac
298 2821 463 2933 duplices
477 2822 607 2909 fruilra
623 2825 872 2911 tendenteme.
885 2825 1014 2910 littore
1029 2824 1176 2932 palmas.
1258 2843 1261 2849 ’

264 3059 504 3171 :Nullaquies
520 3063 647 3141 animo
663 3058 837 3162 Phaedra,
865 3088 953 3143 cum
968 3061 1062 3140 vidit
1076 3057 1252 3161 agrestem

20 3240 22 3244 »
221 3176 487 3286 Hippolytum3
514 3174 613 3273 nulla
630 3176 700 3258 else
713 3179 856 3284 potest,
877 3181 917 3257 ni
940 3180 1068 3257 vicerit
1083 3199 1164 3252 acre
1320 3224 1324 3231 -

37 3336 42 3342 .
120 3325 185 3409 335
221 3294 374 3399 Peilus',
401 3293 494 3375 dtin-
516 3291 704 3401 thalamos¹
717 3293 926 3399 persuaserit
941 3296 993 3372 ire
1011 3310 1195 3396 paternos·
1263 3320 1268 3335 ι

48 3446 50 3453 ·
219 3413 350 3522 Usque
365 3409 460 3491 adeo
480 3408 627 3510 insanit,
653 3429 730 3489 tam
756 3409 839 3491 diro
852 3412 1011 3514 carpitur
1025 3409 1103 3510 igni

216 3527 303 3613 Filia
317 3523 529 3632 Pasiphaes!
548 3531 646 3629 Ergo
660 3531 847 3607 contemta
862 3522 1016 3660 peribit,

131 3724 135 3730 ,
217 3646 459 3753 Cogeturque
472 3638 588 3722 mori!
615 3641 685 3722 Sed
701 3645 974 3755 nonmorietur
995 3636 1125 3721 inulta:
1263 3696 1268 3703 -

78 3819 79 3824 ι
218 3764 431 3864 Privignum
445 3756 629 3839 insontem
644 3757 782 3862 perdet.
808 3740 919 3863 Ὀιιοι
934 3760 1087 3840 crimine
1102 3750 1147 3836 ab
1170 3777 1283 3841 uno
1328 3796 1333 3819 ι

111 3893 187 3981 340
218 3874 414 3963 Crimina?
451 3880 560 3983 Qrot
573 3899 689 3982 pravo
705 3871 905 3957 eumuhtr
893 3901 944 3959 m
948 3875 1064 3962 corde
1076 3865 1250 3957 furores
1308 3873 1311 3878 ’

23 3991 324 4208 wir
993 3994 1014 4076 ’,
1173 3995 1247 4072 Na·

66 4127 108 4208 ’
195 4170 246 4214 ⁵·
716 4196 771 4229 .·
1037 4225 1050 4233 ,
