2678 4476
49 208 85 259 ·-
230 234 312 319 4²0
476 134 1067 286 nuri-tuctarrus

118 396 124 403 '
289 373 406 459 Haud
419 375 597 476 magiter
618 363 747 477 aliquo
766 366 899 449 credes
921 394 1063 452 errare
1085 369 1238 480 pineta

234 490 415 589 Coufilio,
441 483 630 594 solemne
644 483 717 565 suis
731 482 855 566 lu'cere
878 480 1095 591 planitia
1298 546 1314 589 ·.

233 613 290 692 Ut
302 631 381 717 quo
395 600 527 684 ardore
540 620 677 701 carent,
701 596 813 682 orbes
833 595 1042 684 foemndet
1058 629 1219 712 opanm,
1304 622 1328 724 1

104 736 184 825 820
233 710 521 828 Unituquefoei
535 713 890 821 sernpervoivanntr
905 717 960 798 ad
974 722 1142 824 iguem:

221 846 392 945 §numo
405 851 516 944 atque
533 835 620 929 Jovi
641 835 800 913 comites
820 831 960 914 adnare
980 842 1238 948 propinun

233 956 314 1055 Ceu
327 970 430 1051 terra
445 947 593 1044 luuam3
628 968 671 1029 ut
681 943 815 1031 nostes
827 945 929 1058 quafi
940 949 1029 1035 sole
1048 974 1208 1046 retento

67 1054 75 1063 ²
232 1065 435 1173 Subluiires
448 1062 583 1163 urere,
606 1083 720 1175 atque
732 1061 921 1147 absentem
943 1067 1125 1153 reddere
1147 1075 1270 1180 poffiu:

232 1190 391 1295 Totque
405 1179 498 1264 alios
513 1182 647 1267 itidem
660 1178 778 1280 soleS,
813 1201 909 1291 quot
924 1179 1051 1268 fidem
1068 1187 1155 1271 fixa

103 1308 176 1405 825
231 1309 325 1385 Sunt
338 1297 451 1397 coelo,
476 1319 587 1408 atque
604 1292 675 1377 illis
690 1295 751 1378 tn
767 1295 1016 1383 collustrauda
1032 1301 1191 1389 subeffe
1212 1292 1218 1303 ’

231 1423 417 1524 Οᾳφοη,
442 1442 522 1525 quae
535 1415 697 1497 torrites
713 1411 772 1494 alii
787 1415 926 1514 majora
943 1416 1188 1528 sequantur3
1321 1494 1325 1499 .

230 1540 319 1622 Una
334 1530 389 1635 fit,
414 1533 540 1613 uttoti
554 1529 628 1628 lex,
654 1556 802 1640 unaque
821 1529 944 1636 regula
965 1538 1151 1623 mundo.
1324 1624 1327 1629 ,

85 1702 90 1711 -
229 1657 297 1749 vis,
309 1654 445 1732 iterum
460 1645 544 1729 casu
556 1645 649 1747 hac,
676 1666 739 1729 aut
752 1651 791 1727 vi
806 1649 1033 1754 contingere
1058 1680 1184 1758 caca,

228 1774 333 1876 Qus
348 1791 427 1847 nou
440 1761 655 1870 agnoscunt,
682 1760 742 1844 vel
759 1786 869 1869 parva
883 1763 1045 1871 mapalia
1059 1770 1225 1877 causas?

99 1950 179 2048 830
280 1932 322 2016 Ο
340 1925 674 2034 demensEpicure!
701 1930 776 2009 Dei
790 1929 936 2037 vestigia
951 1935 1096 2038 paffim

225 2038 378 2156 Effugis,
405 2067 443 2128 at
457 2042 579 2126 delere
593 2048 745 2152 nequis;
772 2063 822 2147 te,
836 2066 874 2128 te
890 2044 1203 2161 illasequuntur!

128 2152 133 2163 ’
224 2162 419 2276 Quidquid
433 2165 521 2267 agis,
548 2160 799 2272 quodcunque
812 2163 928 2266 vides,
956 2188 1014 2248 ars
1043 2170 1130 2275 ipsa
1154 2171 1279 2259 fatetur

147 2317 159 2342 ·
224 2285 430 2365 Artificem.
459 2283 561 2358 Deus
575 2277 649 2379 hic,
664 2299 762 2359 certe
778 2279 896 2360 Deus!
924 2283 1039 2363 Haud
1056 2292 1280 2402 timorergo

224 2400 323 2481 Frcst
339 2401 377 2478 in
391 2391 484 2478 orbe
498 2395 590 2476 deos
604 2398 767 2501 primus,
795 2422 865 2475 nec
878 2400 1022 2502 Jupiter
1042 2428 1136 2487 uno

96 2528 168 2624 835
224 2515 395 2596 Creditus
408 2541 456 2594 ex
472 2515 613 2592 tonitru
629 2514 733 2591 terris
750 2536 901 2616 regnare
925 2517 1081 2599 minaci.

222 2631 353 2714 Nostra
369 2630 482 2726 sedin
496 2623 637 2708 cundtis
651 2622 716 2707 fibi
736 2628 879 2708 conscia
895 2626 1004 2710 rebus
1021 2636 1196 2744 egestas,

220 2746 413 2858 Multaque
426 2746 541 2826 totius
557 2743 687 2825 mundi
700 2739 914 2849 spediacula
940 2745 1079 2829 nostris
1210 2795 1213 2799 ·

219 2859 453 2950 Circumfusa
469 2857 600 2961 oculis,
628 2886 706 2969 quae
721 2886 799 2945 non
815 2857 1079 2944 fabricavimus
1099 2863 1190 2975 ipfi‚

221 2978 425 3073 Audiore'na
441 2973 612 3058 foecunda
628 2975 755 3078 suurn,
789 2978 1029 3088 nostrumque
1050 2990 1230 3086 perinde

28 3106 33 3117 '
91 3103 175 3201 840
220 3094 637 3205 ¹§fulgarunttsuetique
653 3090 838 3194 homines,
867 3093 1040 3177 miracula
1057 3123 1206 3189 rerum

217 3211 337 3296 Obvia
350 3224 437 3295 cum
453 3207 625 3317 spedant
652 3215 787 3314 primas
802 3215 983 3321 inquirere
1006 3215 1155 3322 causas,

215 3333 333 3412 Ocius
349 3328 396 3409 ad
409 3325 597 3409 numense
620 3345 837 3409 convertere
859 3349 1064 3433 paternum

213 3449 373 3525 Notiries
391 3463 473 3524 tum
490 3462 609 3548 coepta
625 3441 692 3542 sui,
720 3463 802 3523 tum
821 3449 966 3551 cognita
982 3449 1129 3535 mentis

99 3568 102 3573 '
210 3555 404 3661 Nobilitas,
419 3561 515 3642 socia
531 3587 618 3643 cum
633 3555 831 3660 debilitate,
852 3556 1016 3672 bonique

84 3676 163 3774 845
211 3671 409 3757 Indefeffus
423 3701 543 3778 amor,
559 3672 655 3755 nulla
670 3674 735 3755 hic
749 3678 788 3755 in
803 3698 905 3783 parte
913 3680 1060 3785 reperti,

37 3862 41 3871 .
115 3863 131 3892 ⁵.
208 3790 329 3898 Quale
342 3795 468 3872 animo
484 3794 624 3897 capitur
638 3795 809 3904 votisque
825 3798 974 3901 optatur
990 3794 1135 3882 anhelis

124 3978 136 4025 4
205 3905 464 4010 infitiabiliten
485 3903 657 4016 precibus
671 3927 810 3994 tentare
824 3906 1014 4021 parentem
1039 3898 1052 3943 ⁵

134 4039 153 4087 ·'
314 4056 318 4063 ·
560 4044 571 4065 ·
1034 4029 1256 4142 Compulit,
