2678 4476
312 188 587 327 ’(-ἰιιιιιι
613 245 618 255 ·
647 188 988 369 enarrer·
1121 269 1194 354 109

148 415 314 499 AEtemas
331 402 476 497 atdmds
493 406 605 515 igitur
618 432 697 489 non
714 406 784 489 effe
800 429 1001 493 memento
1245 426 1251 433 ·

32 532 49 571 ·’
148 531 290 629 Omnia
307 531 429 609 nativo
444 521 613 608 mortalia
637 534 796 632 corpore
816 528 1003 609 constant.

149 653 273 758 Qpaq'
271 656 318 727 ue
336 642 451 764 aliqua
465 640 612 778 pessunt
627 636 744 721 labi&
760 640 941 724 tabescere
956 636 1075 749 causa,

51 776 138 861 700
151 761 268 854 Nulla
284 756 427 859 forent
420 762 578 866 penitus,
595 753 750 868 nisrqr'ris
766 753 1190 855 soretaudidruteffent:
1196 784 1199 790 ·

14 890 21 897 ’
150 881 213 962 Est
228 881 368 989 atomis·
374 876 476 981 ideo,
491 902 577 958 vere
593 872 822 978 mortalibus,
836 872 976 959 auctor.
1042 944 1047 953 .
1163 913 1168 925 ·

53 1052 58 1063 “
207 1047 262 1128 At
275 1026 486 1156 quanquam
500 1045 539 1122 in
556 1054 678 1149 partes
691 1042 808 1124 scindi
825 1063 936 1153 queat
951 1006 1112 1132 infinitas

151 1165 336 1262 Materies,
352 1181 479 1242 tamen
495 1157 595 1239 haud
610 1146 712 1243 dicas
724 1157 870 1270 aqualia
886 1164 1036 1266 magnis
1191 1202 1195 1214 ·

152 1279 321 1385 Corpora
338 1301 459 1384 parva
467 1272 563 1377 fore,
576 1302 619 1358 ac
635 1266 739 1360 nullo
759 1276 978 1359 discrimine
990 1276 1134 1395 molem
1250 1307 1264 1377 '.
1283 1302 1293 1377 ζ

54 1412 134 1502 705
152 1401 209 1478 Ex
227 1394 378 1477 infinitis
394 1389 491 1503 quast
505 1388 638 1497 singula
655 1388 864 1500 partibus
830 1420 975 1503 aque

151 1511 379 1623 constarent
409 1511 591 1614 Quamvis
606 1516 746 1590 etenim
761 1504 829 1590 sint
845 1534 1003 1615 corpora
1020 1506 1135 1613 nulla,
1196 1508 1222 1597 ,”
1269 1553 1275 1561 ·

151 1632 244 1736 Quae
259 1654 341 1707 non
352 1625 502 1706 dimidia
516 1623 659 1728 semper
675 1623 883 1706 decrescere
906 1626 1042 1731 poffint

150 1748 256 1828 Parte
272 1745 344 1838 sui,
359 1738 479 1821 moles
494 1758 617 1820 tamen
631 1737 733 1823 haird
740 1739 954 1822 scinduntur
970 1744 1008 1822 in
1022 1758 1169 1850 acquam-

151 1866 264 1942 Parva
279 1858 341 1938 sed
356 1860 396 1938 in
408 1880 548 1965 parvm,
564 1858 605 1937 in
618 1882 768 1965 magnas
782 1883 933 1963 magna:
960 1851 1109 1946 resesb's

10 2068 21 2075 ,
52 1991 127 2078 710
151 1972 316 2059 Partibus
331 1993 372 2054 ut
387 1991 558 2056 maneant
568 1974 703 2056 'eadem
718 1974 930 2069 discrimina
945 1974 1107 2081 semper,

26 2086 37 2095 ’“
154 2096 247 2196 Qra
262 2085 527 2197 totis-sueram:
560 2117 647 2171 nam
669 2091 856 2198 semipede
873 2088 1033 2199 amplior
1049 2088 1135 2181 ulna

154 2212 371 2333 Semiputata
385 2202 522 2309 manet,
537 2203 651 2290 veluti
667 2209 762 2314 pede
777 2207 951 2315 grandior
966 2204 1051 2289 ulna
1070 2208 1133 2291 eii

168 2388 312 2477 Sed
290 2418 362 2505 qua
371 2388 496 2475 fronte
504 2389 682 2474 mrhrhaec
691 2386 1112 2499 Eprcurustonnesub
1120 2416 1193 2476 una

154 2515 299 2595 Semina
314 2513 471 2591 materiae
480 2508 584 2597 locat
598 2511 739 2593 infinita
752 2504 895 2646 figura?

55 2634 124 2728 715
153 2630 312 2709 Dicam
280 2629 422 2737 agitur.
452 2628 536 2707 Tot
549 2624 632 2706 sunt
645 2630 761 2707 atomr
778 2629 956 2736 cujusque
971 2624 1108 2761 figura,

153 2732 305 2827 Summa
319 2742 517 2861 figurarum
533 2761 626 2853 quot
643 2739 985 2878 circumplediitur
967 2746 1102 2851 omnis·
1245 2748 1286 2784 ·’·

9 2860 14 2867 ’
154 2856 315 2977 Ιιιιιὶριι,
333 2856 397 2940 hic
412 2883 587 2939 numerus
602 2856 805 2996 ιρεειιιιιιζ
799 2864 870 2996 qui·
883 2864 1049 2951 continet
1066 2886 1209 2967 ιιιιιιιιι,-
1313 2910 1328 2925 .‚

155 2970 332 3090 AEquatpr
347 2974 505 3062 numero
522 2973 673 3080 species,
689 2979 753 3108 qrri
769 2981 934 3059 continet
957 3000 1101 3058 omnes.

156 3098 304 3181 Totum
320 3092 417 3175 adeo
431 3117 498 3197 per
512 3110 549 3172 te
563 3117 640 3172 non
654 3095 769 3205 mains
790 3113 892 3201 parte
907 3094 1063 3176 videtur.
1185 3160 1191 3199 ‚

59 3219 154 3306 720
156 3210 249 3291 Si
208 3215 306 3317 capis
319 3206 398 3325 hac
414 3204 564 3290 absurda
564 3194 823 3321 ,profanisque
847 3236 913 3291 ore
928 3209 1071 3310 sereno,
1272 3296 1279 3309 ,

158 3325 237 3406 Cur
249 3353 291 3408 ea
307 3352 384 3445 ιιοιι
400 3326 550 3451 'capies
558 3350 636 3434 quac
652 3325 895 3407 demonstrata
917 3318 1072 3435 reliqui?
1187 3318 1191 3327 ’

63 3484 67 3491 -
157 3444 248 3523 Non
260 3470 356 3524 emm
372 3437 578 3553 inaequales,
595 3461 636 3523 ut
651 3441 732 3524 sunt
745 3462 806 3524 tua
822 3444 979 3544 seminar,
1004 3446 1193 3523 verum

157 3562 200 3638 ln
215 3554 460 3641 decrescentes
474 3548 892 3688 abeuntmducorpora
908 3579 1048 3666 partes,
1185 3572 1192 3583 ·

158 3678 206 3756 Ει
222 3672 290 3756 sant
305 3675 457 3775 dividua
468 3680 654 3787 quamvis,
671 3697 709 3757 te
724 3703 802 3783 non
819 3696 940 3762 tamen
953 3674 1116 3783 ιρι

60 3798 133 3884 725
158 3790 288 3873 Divisa
290 3784 529 3919 semperque
530 3790 669 3909 aliquo
677 3782 896 3887 clauduntur
912 3818 1046 3885 acervo
1185 3806 1193 3884 ’ζ

111 3904 388 4030 (ἓοιιιιιιιιὶὲζ
414 3882 700 4015 ςιέιιιιιιιιιιιιι,
714 3906 861 4023 qualem
875 3896 956 4006 eise
962 3892 1193 4151 ἀοιοιιιιιιᾞ
1270 4023 1274 4053 1

1118 4051 1165 4106 au
1329 4076 1331 4081 -
