2678 4476
126 187 247 299 ·136·
329 147 974 315 enarrarrc'rnrrna.
1023 130 1028 135 ’

139 336 272 440 Praeter
292 353 514 438 adirarentes
536 368 685 439 atomos
700 329 926 435 oonc'efferis.
959 356 1101 459 urge
1115 346 1129 401 ²
1158 365 1180 435 i

141 473 384 576 Cumregina
397 470 451 554 sui
465 470 504 554 ἃ
517 465 737 579 propriifibi
753 466 897 551 conscia
914 469 1026 572 juris,
1159 524 1177 549 .·

12 614 15 619 ·
140 593 300 677 Frenum
323 587 533 692 indignetur
553 581 636 670 fatis
650 584 768 671 avulsa
783 584 964 681 voluntat,

1232 39 1236 125 l

29 713 94 799 315
132 703 380 809 ‘Arguitinsc
393 702 623 813 sequiddanr
639 703 857 811 praestantius
871 704 978 782 omni
1025 776 1028 783 .
1171 726 1174 731 ·
1233 656 1236 663 Ι

65 876 68 881 -
140 823 315 922 Materia,
338 816 534 928 &punitis
547 815 705 903 alienum
722 814 868 926 prorsus
883 811 929 899 ab
945 815 1031 899 illie
1169 844 1180 901 2

140 932 202 1019 Illa
216 934 278 1033 sed
294 932 460 1036 uberius,
488 962 577 1019 cunr
590 961 695 1020 mens
711 931 895 1019 uastanda
909 929 1065 1017 redibit·

141 1051 412 1138 Nunesatisest
427 1050 635 1136 monstrasse
649 1056 721 1135 tuis
735 1047 786 1133 nil
801 1045 901 1155 polle
915 1052 1028 1133 creari
1164 1064 1176 1135 l

141 1163 331 1251 Motibus:
357 1167 497 1250 idcirco
513 1171 620 1278 quia,
646 1167 709 1248 seu
725 1162 861 1255 diresla
879 1160 1053 1249 movebis
1128 1240 1133 1253 .

19 1287 94 1372 320
139 1262 204 1367 Aa
219 1283 541 1393 perpendiculum,
568 1283 631 1367 scu
649 1279 751 1381 fleur
771 1282 1055 1387 semina'flnges,
1106 1320 1110 1339 ·
1213 1318 1236 1325 ·-

25 1404 26 1409 ‘
134 1401 251 1483 Haud
267 1399 348 1483 ullis
359 1421 533 1506 poterunt
547 1418 709 1510 unquam
723 1395 924 1483 coalescere
944 1395 1084 1481 vinclis.
1140 1410 1144 1415 “

134 1520 239 1627 Ergo
254 1514 325 1623 nil,
352 1521 463 1604 etiam
478 1513 599 1631 posrto
614 1514 821 1620 clinamine,
847 1519 1000 1599 vincet.
1078 1588 1082 1597 .
1133 1566 1168 1597 -.

133 1800 137 1807 ·
171 1753 338 1835 1Verutn
357 1746 444 1834 alias
469 1745 546 1834 aliis
566 1758 716 1831 atomos
732 1746 896 1830 velocius
910 1750 963 1829 ire
995 1758 1000 1765 '
1105 1826 1110 1831 .
1153 1762 1172 1795 ¹·

138 1864 370 1966 adoretur,
390 1869 464 1968 ais,
491 1866 620 1973 quidni
642 1863 873 1946 concrescere
888 1863 1025 1971 poffint
1149 1878 1170 1885 ”

23 1981 94 2069 325
139 1977 306 2063 Nexibus
327 1977 553 2063 innumeris?
581 1974 784 2062 Gassendus
807 1982 942 2088 quippe
966 1974 1167 2067 volebat...
1221 2002 1234 2047 t·

116 2140 119 2147 ·
138 2100 276 2176 Natura
290 2091 441 2196 fimilc's,
468 2099 547 2179 non
568 2090 792 2179 mobilitate:
819 2094 923 2205 quod
939 2121 1057 2180 unum

137 2210 290 2296 Addere
305 2215 369 2320 qui
384 2210 472 2295 velit
483 2215 637 2297 inventis
652 2214 839 2320 utriusque
852 2210 1024 2314 magistri,
1110 2293 1112 2296 ,
1189 2212 1192 2219 “

37 2340 53 2433 J
129 2325 360 2431 ,congressus
382 2323 505 2411 faciles
528 2331 662 2412 atomis
674 2348 861 2436 utcunque
876 2323 1026 2437 parabit
1164 2370 1170 2387 ·

139 2447 235 2523 Nam
250 2444 481 2554 fieripoterit
495 2440 568 2528 sola
584 2447 723 2527 ratione
740 2443 906 2542 cadendi,

21 2578 94 2665 330
139 2564 195 2640 Ut
210 2554 289 2674 q‘uae
297 2562 483 2669 posterior
504 2555 594 2662 fuit,
624 2557 818 2645 accelerata
842 2562 1006 2668 priorem
1139 2616 1164 2644 -.

139 2678 323 2781 Occupet,
349 2678 530 2761 acsecurn
544 2675 673 2761 vinclis
689 2672 864 2772 abducat;
889 2667 1052 2758 &amba
1157 2691 1163 2698 ’

46 2818 78 2845 ⁴
138 2793 327 2897 Arripiunt
348 2790 451 2892 alias,
478 2811 541 2875 aut
560 2797 770 2901 arripiantur
785 2789 831 2876 ab
845 2789 924 2877 illis.

139 2912 225 2990 Lux
240 2935 284 3009 ea
299 2912 520 2991 Democrito
534 2935 600 2988 cur
613 2935 691 2993 non
713 2905 913 2993 affulserat?
936 2900 1063 2989 Eheu!
1132 2917 1135 2921 ’
1208 2953 1216 2969 =

120 3069 123 3075 ·
138 3027 225 3110 Non
244 3049 340 3134 opus
356 3021 492 3129 illapsas
508 3027 612 3105 vacui
626 3023 848 3124 deculmine
862 3025 1019 3137 summo
1125 3036 1131 3043 '
1148 3064 1155 3073 ·

27 3155 102 3238 335
139 3141 266 3249 Atque
283 3138 485 3249 parallelae,
509 3143 669 3249 Epicuro
690 3138 824 3246 deinde
843 3138 960 3223 furiet

112 3280 118 3289 ’
139 3254 312 3338 inclinare
333 3277 509 3355 atomos,
543 3276 751 3369 notamque
773 3261 954 3339 incurrere
976 3247 1107 3335 labem.

137 3373 232 3451 Nam
249 3370 359 3455 veluti
384 3373 489 3454 cursu
506 3370 596 3451 dum
611 3367 728 3455 fervet
741 3373 858 3454 odora
878 3396 1010 3448 canum
1025 3373 1082 3449 vis
1150 3384 1155 3391 '

136 3491 204 3565 Per
224 3494 354 3567 nemus
376 3487 414 3570 n.
436 3482 604 3588 salebras,
630 3485 801 3592 clangore
826 3486 968 3568 accensa
993 3481 1166 3571 tubarum

138 3607 184 3679 Er
211 3599 371 3683 clamore
388 3597 522 3702 virrim,
545 3599 775 3711 refugientis
790 3599 924 3681 olentia
940 3604 1053 3707 cervi,
1147 3652 1150 3657 ,

16 3730 108 3830 340.
135 3722 236 3795 ,Nare
251 3718 374 3821 sagax,
404 3715 519 3823 longo
536 3719 697 3833 sequitur
714 3717 856 3822 vestigia
871 3713 1001 3812 tastu,

113 3824 206 3919 ‘Etsi
220 3854 352 3919 ornnes
367 3833 497 3925 ardore
508 3839 606 3943 pari,
632 3852 863 3943 tamenunus
877 3829 1018 3916 &alter
1081 3944 1165 4028 An.
